<?xml version="1.0" encoding="UTF-8"?><collection xmlns="http://www.loc.gov/MARC21/slim"><record><leader>00302nam--2200109-i-4500</leader><controlfield tag="001">000045439</controlfield><controlfield tag="002">20161230</controlfield><controlfield tag="005">20161230201045</controlfield><controlfield tag="008">060222s1000------------r-----000-0-eng-d</controlfield><datafield ind1=" " ind2=" " tag="245"><subfield code="a">Tehnica apararii intreprinderilor industriale contra incendiilor</subfield></datafield><datafield ind1=" " ind2=" " tag="260"><subfield code="a">Bucuresti, Ed.Tehnica, 1954. 352 P</subfield></datafield><datafield ind1=" " ind2=" " tag="852"><subfield code="a">5248</subfield></datafield></record></collection>